% BibTeX database
% Peter Rohde
% Centre for Quantum Computer Technology
% University of Queensland

@STRING{JQuantElec   = "J. Quantum Electronics"}
@STRING{unpublished  = "unpublished work"}
@STRING{PR           = "Phys. Rev."}
@STRING{AJP          = "Am. J. Phys."}
@STRING{PhysToday    = "Phys. Today"}
@STRING{RMP          = "Rev. Mod. Phys."}
@STRING{JOptB        = "J. Opt. B"}
@STRING{PLA          = "Phys. Lett. A"}
@STRING{APL          = "App. Phys. Lett."}
@STRING{APB          = "Appl. Phys. B"}
@STRING{EurophysLett = "Europhys. Lett." }
@STRING{FoundPhys    = "Foundations of Physics"}
@STRING{NJP          = "New J. Phys."}
@STRING{Science      = "Science"}
@STRING{RepProgPhys  = "Rep. Prog. Phys."}
@STRING{QIC          = "Quant. Inf. Comp."}
@STRING{LaserPhys    = "Laser Physics"}
@STRING{JChemPhys    = "J. Chem. Phys."}
@STRING{JOptSocAmB   = "J. Opt. Soc. Am. B"}
@STRING{EurPhysJD    = "Eur. Phys. J. D"}
@STRING{PRA          = "Phys. Rev. A"}
@STRING{PRL          = "Phys. Rev. Lett."}
@STRING{Nature       = "Nature (London)"}
@STRING{OptLett      = "Opt. Lett."}
@STRING{JMO          = "J. Mod. Opt."}
@STRING{RepMathPhys  = "Rep. Math. Phys."}

@ARTICLE{bib:Aichele02,
    title   = "Optical mode characterization of single photons prepared by means of conditional measurements on a biphoton state",
    author  = "T. Aichele and A.I. Lvovsky and S. Schiller",
    year    = "2002",
    journal = EurPhysJD,
    volume  = "18",
    pages   = "237"
}

@ARTICLE{bib:Achilles03,
    author  = "Daryl Achilles and Christine Silberhorn and Cezary \'Sliwa and Konrad Banaszek and Ian A. Walmsley",
    title   = "Fiber-assisted detection with photon number resolution",
    year    = "2003",
    journal = OptLett,
    volume  = "28",
    pages   = "2387"
}

@ARTICLE{bib:Achilles04,
	author  = "Daryl Achilles and Christine Silberhorn and Cezary Sliwa and Konrad Banaszek and Ian A. Walmsley and Michael J. Fitch and Bryan C. Jacobs and Todd B. Pittman and James D. Franson",
	title   = "Photon number resolving detection using time-multiplexing",
	year    = "2004",
	journal = JMO,
	volume  = "51",
	pages   = "1499"
}

@ARTICLE{bib:Aharonov96,
	author  = "D. Aharonov and M. Ben-Or",
	title   = "Polynomial simulations of decohered quantum computers",
	journal = "37th Annual Symposium on Foundations of Computer Science",
	year    = "1996",
	pages   = "46" 
}

@ARTICLE{bib:Aiello98,
    author  = "A. Aiello and D. Fargion and E. Cianci",
    title   = "Parametric fluorescence and second-harmonic generation in a planar Fabry-Perot microcavity",
    year    = "1998",
    journal = PRA,
    volume  = "58",
    pages   = "2446"
}

@ARTICLE{bib:Altepeter03,
    author  = "J. B. Altepeter and D. Branning and E. Jeffrey and T. C. Wei and P. G. Kwiat and R. T. Thew and J. L. O'Brien and M. A. Nielsen and A. G. White",
    title   = "Ancilla-assisted quantum processs tomography",
    year    = "2003",
    journal = PRL,
    volume  = "90",
    pages   = "193601"
}

@ARTICLE{bib:Aschauer02,
	author = "Hans Aschauer and Hans J. Briegel",
	title   = "Private entanglement over arbitrary distances, even using noisy apparatus",
	year    = "2002",
	journal = PRL,
	volume  = "88",
	pages   = "047902"
}

@ARTICLE{bib:Bacon00,
    author  = "D. Bacon and J. Kempe and D. A. Lidar and K. B. Whaley",
    title   = "Universal fault-tolerant quantum computation on decoherence-free subspaces",
    year    = "2000",
    journal = PRL,
    volume  = "85",
    pages   = "1758"
}

@ARTICLE{bib:Banaszek96,
    author  = "Konrad Banaszek and Krzysztof Wodkiewicz",
    title   = "Direct probing of quantum phase space by photon counting",
    year    = "1996",
    journal = PRL,
    volume  = "76",
    pages   = "4344"
}

@ARTICLE{bib:Banaszek99,
    author  = "K. Banaszek and C. Radzewicz and and K. W{\' o}dkiewicz and J. S. Krasin{\` s}ki",
    title   = "Direct measurement of the Wigner function by photon counting",
    year    = "1999",
    journal = PRA,
    volume  = "60",
    pages   = "674"
}

@ARTICLE{bib:Banaszek00,
    title   = "Maximum-likelihood estimation of the density matrix",
    author  = "K. Banaszek and G. M. DÕAriano and M. G. A. Paris and M. F. Sacchi",
    year    = "2000",
    journal = PRA,
    volume  = "61",
    pages   = "010304"
}

@ARTICLE{bib:Banaszek02,
	author  = "Konrad Banaszek and Andrzej Dragan and Krzysztof W{\' o}dkiewicz and Czes{\l}aw Radzewicz",
	title   = "Direct measurement of optical quasidistribution functions: multimode theory and homodyne tests of Bell's inequalities",
	year    = "2002",
	journal = PRA,
	volume  = "66",
	pages   = "043803"
}

@ARTICLE{bib:Banaszek03,
    author  = "K. Banaszek and I. Walmsley",
    title   = "Photon counting with loop detector",
    year    = "2003",
    journal = OptLett,
    volume  = "28",
    pages   = "52"
}

@ARTICLE{bib:BarrettKok05,
    author  = "Sean D. Barrett and Pieter Kok",
    title   = "Efficienct high-fidelity quantum computation using matter qubits and linear optics",
    year    = "2005",
    journal = PRA,
    volume  = "71",
    pages   = "060310(R)"
}

@ARTICLE{bib:BarrettMilburn06,
	author = "S. D. Barrett and G. J. Milburn",
	title  = "Quantum information processing via a lossy bus",
	year   = "2006",
	journal = PRA,
	volume = "74",
	pages = "060302(R)"
}

@ARTICLE{bib:Bartlett02,
    author  = "S. D. Bartlett and E. Diamanti and B. C. Sanders and Y. Yamamoto",
    title   = "Photon counting schemes and performance of non-deterministic nonlinear gates in linear optics",
    year    = "2002",
    journal = "Proceedings of Free-Space Laser Communication and Laser Imaging II",
    volume  = "4821"
}

@ARTICLE{bib:Bellini03,
    author  = "M. Bellini and F. Marin and S. Viciani and A. Zavatta and F. T. Arecchi",
    title   = "Nonlocal pulse shaping with entangled photon pairs",
    year    = "2003",
    journal = PRL,
    volume  = "90",
    pages   = "043602"
}

@ARTICLE{bib:Benjamin05,
	author  = "Simon Charles Benjamin",
	title   = "Comment on 'Efficient high-fidelity quantum computation using matter qubits and linear optics'",
	year    = "2005",
	journal = PRA,
	volume  = "72",
	pages   = "056302"
}

@ARTICLE{bib:BenjaminEisert05,
	author = "S. C. Benjamin and J. Eisert and T. M. Stace",
	title = "Optical generation of matter qubit graph states",
	year = "2005",
	journal = NJP,
	volume = "7",
	pages = "194"
}

@ARTICLE{bib:Bennett93,
    author  = "C. H. Bennett and G. Brassard and C. Cr{\' e}peau and R. Jozsa and A. Peres and W. K. Wootters",
    title   = "Teleporting an unknown quantum state via dual classical and Einstein-Podolsky-Rosen channels",
    year    = "1993",
    journal = PRL,
    volume  = "70",
    pages   = "1895",
}

@ARTICLE{bib:Bennett96,
    author  = "Charles H. Bennett and Gilles Brassard and Sandu Popescu and Benjamin Schumacher and John A. Smolin and William K. Wootters",
    title   = "Purification of Noisy Entanglement and Faithful Teleportation via Noisy Channels",
    year    = "1996",
    journal = PRL,
    volume  = "76",
    pages   = "722"
}

@ARTICLE{bib:Bennett00,
    author  = "C. H. Bennett and D. P. DiVincenzo",
    title   = "Quantum information and computation",
    year    = "2000",
    journal = Nature,
    volume  = "404",
    pages   = "247"
}

@ARTICLE{bib:BennetBrassard84,
    author    = "C. H. Bennett and G. Brassard",
    title     = "Quantum cryptography: public key distribution and coin tossing",
    year      = "1984",
    journal   = "Proceedings of IEEE International Conference on Computers, Systems and Signal Processing",
    pages     = "175",
    publisher = "IEEE, New York"
}

@ARTICLE{bib:Bethune00,
    author  = "Donald S. Bethune and William P. Risk",
    title   = "An autocompensating fiber-optic quantum cryptography system based on polarization splitting of light",
    year    = "2000",
    journal = JQuantElec,
    volume  = "36",
    pages   = "100"
}

@ARTICLE{bib:Beugnon06,
	author  = "J. Beugnon and M. P. A. Jones and J. Dingjan and B. Darquie and G. Messin and A. Browaeys and P. Grangier",
	title   = "Quantum interference between two single photons emitted by independently trapped atoms",
	year    = "2006",
	journal = Nature,
	volume  = "440",
	pages   = "779"
}

@ARTICLE{bib:BodiyaDuan06,
    author  = "T. P. Bodiya and L.-M. Duan",
    title   = "Scalable generation of graph-state entanglement through realistic linear optics",
    year    = "2006",
    eprint  = "quant-ph/0605058"
}

@ARTICLE{bib:Bose99,
    author  = "S. Bose and V. Vedral and P. L. Knight",
    title   = "Purification via entanglement swapping and conserved entanglement",
    year    = "1999",
    journal = PRA,
    volume  = "60",
    pages   = "194"
}

@ARTICLE{bib:Bourennane04,
    author  = "M. Bourennane and M. Eibl and S. Gaertner and C. Kurtsiefer and A. Cabello and H. Weinfurter",
    title   = "Decoherence-free quantum information processing with four-photon entangled states",
    year    = "2004",
    journal = PRL,
    volume  = "92",
    pages   = "107901"
}

@ARTICLE{bib:Boumeester97,
    author  = "Dik Boumeester and Jian-Wei Pan and Klaus Mattle and Manfred Eibl and Harald Weinfurter and Anton Zeilinger",
    title   = "Experimental quantum teleportation",
    year    = "1997",
    journal = Nature,
    volume  = "390",
    pages   = "575"
}

@ARTICLE{bib:Branczyk03,
    author  = "A. M. Bra\'nczyk and Tobias J. Osborne and Alexei Gilchrist and T. C. Ralph",
    title   = "Photon-added detection",
    year    = "2003",
    journal = PRA,
    volume  = "68",
    pages   = "043821"
}

@ARTICLE{bib:Branning99,
  author  = "D. Branning and W.P. Grice and R. Erdmann and I.A. Walmsley",
  journal = PRL,
  year    = "1999",
  volume  = "83",
  pages   = "5"
}

@ARTICLE{bib:Branning00,
	author  = "David Branning and Warren Grice and Reinhard Erdmann and I. A. Walmsley",
	title   = "Interferometric technique for engineering indistinguishability and entanglement of photon pairs",
  	journal = PRA,
	year    = "2000",
	volume  = "62",
	pages   = "013814"
}

@ARTICLE{bib:BraunsteinMann95,
    author  = "S. L. Braunstein and A. Mann",
    title   = "Measurement of the Bell operator and quantum teleportation",
    year    = "1995",
    journal = PRA,
    volume  = "51",
    pages   = "R1727"
}

@ARTICLE{bib:Brattke01,
    author  = "S. Brattke and B. T. H. Varcoe and H. Walther",
    title   = "Generation of photon number states on demand via cavity quantum electrodynamics",
    year    = "2001",
    journal = PRL,
    volume  = "86",
    pages   = "3534"
}

@ARTICLE{bib:Briegel01,
    author  = "H. J. Briegel and R. Raussendorf",
    title   = "Persistent entanglement in arrays of interacting particles",
    year    = "2001",
    journal = PRL,
    volume  = "85",
    pages   = "910"
}

@ARTICLE{bib:BrielgelDur98,
	author  = "H.-J. Briegel and W. D{\" u}r and J. I. Cirac and and P. Zoller",
	title   = "",
	year    = "1998",
	journal = PRL,
	volume  = "81",
	pages   = "5932"
}

@ARTICLE{bib:Browne03,
	author  = "D. E. Browne and J. Eisert and S. Scheel and M. B. Plenio",
	title   = "Driving non-Gaussian to Gaussian states with linear optics",
	journal = PRA,
	year    = "2003",
	volume  = "67",
	pages   = "062320",
}

@ARTICLE{bib:BrowneRudolph05,
    author  = "Daniel E. Browne and Terry Rudolph",
    title   = "Resource-efficient linear optics quantum computation",
    year    = "2005",
    journal = PRL,
    volume  = "95",
    pages   = "010501"
}

@ARTICLE{bib:BrowneRudolphVarnava05,
    author  = "Daniel E. Browne and Terry Rudolph and Michael Varnava",
    title   = unpublished,
    year    = "2005",
}

@ARTICLE{bib:Brunel99,
    author  = "C. Brunel and B. Lounis and P. Tamarat and M. Orrit",
    title   = "Triggered source of single photons based on controlled single molecule fluorescence",
    year    = "1999",
    journal = PRL,
    volume  = "83",
    pages   = "2722"
}

@ARTICLE{bib:Buttler00,
    author  = "W. T. Buttler and R. J. Hughes and S. K. Lamoreaux and G. L. Morgan and J. E. Nordholt and C. G. Peterson",
    title   = "Daylight quantum key distribution over 1.6km",
    year    = "2000",
    journal = PRL,
    volume  = "84",
    pages   = "5653"
}

@ARTICLE{bib:CahillGlauber69,
    author  = "K. E. Cahill and R. J. Glauber",
    title   = "Density operators and quasiprobability distributions",
    year    = "1969",
    journal = PhysRev,
    volume  = "177",
    pages   = "177"
}

@article{bib:Calarco03,
	Author = {Calarco, T. and Datta, A. and Fedichev, P. and Pazy, E. and Zoller, P.},
	Journal = {Physical Review A (Atomic, Molecular, and Optical Physics)},
	Number = {1},
	Pages = {012310},
	Publisher = {APS},
	Title = {Spin-based all-optical quantum computation with quantum dots: Understanding and suppressing decoherence},
	Volume = {68},
	Year = {2003}
}

@ARTICLE{bib:CalderbankShor96,
    author  = "A. R. Calderbank and Peter W. Shor",
    title   = "Good quantum error-correcting codes exist",
    year    = "96",
    journal = PRA,
    volume  = "54",
    pages   = "1098"
}

@ARTICLE{bib:Calderbank97,
    author  = "A. R. Calderbank and E. M. Rains and P. W. Shor and N. J. A. Sloane",
    title   = "Quantum error correction and orthogonal geometry",
    year    = "97",
    journal = PRL,
    volume  = "78",
    pages   = "405"
}

@ARTICLE{bib:Campbell07,
	author  = "Earl T. Campbell and Joseph Fitzsimons and Simon C. Benjamins and Pieter Kok",
	title   = "Adaptive strategies for graph state growth in the presence of monitored errors",
	year    = "2007",
	journal = PRA,
	volume = "75",
	pages  = "042303"
}

@ARTICLE{bib:Campbell07,
	author  = "Earl T. Campbell and Joseph Fitzsimons and Simon C. Benjamin and Pieter Kok",
	title   = "Efficient growth of complex graph states via imperfect path erasure",
	year    = "2007",
	eprint  = "quant-ph/0702209"
}

@ARTICLE{bib:Carrasco06,
  author  = "S. Carrasco and A.V. Sergienko and B.E.A. Saleh and M.C. Teich and J.P. Torres and L. Torner",
  year    = "2006",
  journal = PRA,
  volume  = "73",
  pages   = "063802"
}

@ARTICLE{bib:Chaneliere05,
    author  = "T. Chaneli\`ere and D. N. Matsukevich and S. D. Jenkins and S.-Y. Lan and T. A. B. Kennedy and A. Kuzmich",
    title   = "Storage and retrieval of single photons transmitted between remote quantum memories",
    year    = "2005",
    journal = Nature,
    volume  = "438",
    pages   = "833"
}

@ARTICLE{bib:Chen08,
	author = "Yu-Ao Chen and Shuai Chen and Zhen-Sheng Yuan and Bo Zhao and Chih-Sung Chuu and J{\" o}rg Schmiedmayer  and Jian-Wei Pan",
	title = "Memory-built-in quantum teleportation with photonic and atomic qubits",
	year = "2008",
	journal = "Nature Physics",
	volume = "4",
	pages = "103"
}

@BOOK{bib:Cheney01,
	author    = "W. Cheney",
	title     = "Analysis for applied mathematics",
	year      = "2001",
	publisher = "Springer Grad. Texts in Math. (208)"
}

@ARTICLE{bib:Childs01,
    author  = "A. M. Childs and I. L. Chuang and D. W. Leung",
    title   = "Realization of quantum process tomography in NMR",
    year    = "2001",
    journal = PRA,
    volume  = "64",
    pages   = "012314"
}

@ARTICLE{bib:Chou05,
    author  = "C. W. Chou and H. de Riedmatten and D. Felinto and S. V. Polyakov and S. J. van Enk and H. J. Kimble",
    title   = "Measurement-induced entanglement for excitation stored in remote atomic ensembles",
    year    = "2005",
    journal = Nature,
    volume  = "438",
    pages   = "828"
}

@ARTICLE{bib:ChuangNielsen97,
    author  = "I. L. Chuang and M. A. Nielsen",
    title   = "Prescription for experimental determination of the dynamics of a quantum black box",
    year    = "1997",
    journal = JMO,
    volume  = "44",
    pages   = "2455"
}

@ARTICLE{bib:Cirac99,
    author  = "J. I. Cirac and A. K. Ekert and S. F. Huelga and C. Macchiavello",
    title   = "Distributed quantum computation over noisy channels",
    year    = "1999",
    journal = PRA,
    volume  = "59",
    pages   = "1999"
}

@book{bib:Cohen-Tannoudji92,
	author = {Cohen-Tannoudji, Claude and Dupont-Roc, Jacques and Grynberg, Gilbert},
	edition = {1},
	Isbn = {0471625566},
	publisher = {Wiley-Interscience},
	title = {Atom---Photon Interactions: Basic Processes and Applications},
	year = {1992}
}

@ARTICLE{bib:Dawson05,
    author  = "Christopher M. Dawson and Henry L. Haselgrove and Michael A. Nielsen",
    title   = "Noise thresholds for optical quantum computers",
    year    = "2005",
    journal = PRL,
    volume  = "96",
    pages   = "020501"
}

@ARTICLE{bib:Dawson06,
    author  = "Christopher M. Dawson and Henry L. Haselgrove and Michael A. Nielsen",
    title   = "Noise thresholds for optical cluster-state quantum computation",
    year    = "2006",
    journal = PRA,
    volume  = "73",
    pages   = "052306"
}

@ARTICLE{bib:DeMartini03,
    author  = "F. D. Martini and A. Mazzei and M. Ricci",
    title   = "Exploiting quantum parallelism of entanglement for a complete experimental quantum characterization of a single-qubit device",
    year    = "2003",
    journal = PRA,
    volume  = "67",
    pages   = "062307"
}

@ARTICLE{bib:DeRiedmatten04,
    author  = "Hugues de Riedmatten and Valerio Scarani and Ivan Marcikic and Antonio Ac{\' i}n and Wolfgang Tittel and Hugo Zbinden and Nicolas Gisin",
    title   = "Two independent photon pairs versus four-photon entangled states in parametric down conversion",
    year    = "2004",
    journal = JMO,
    volume  = "51",
    pages   = "1637"
}

@ARTICLE{bib:DeuarMunro00,
    author  = "P. Deuar and William J. Munro",
    title   = "Quantum copying can increase the practically available information",
    year    = "2000",
    journal = PRA,
    volume  = "62",
    pages   = "042304"
}

@ARTICLE{bib:Deutsch85,
	author  = "David Deutsch",
	title   = "Quantum theory, the Church-Turing principle and the universal quantum computer",
	year    = "1985",
	journal = "Proc. R. Soc. Lond. A",
	volume  = "400",
	pages   = "97"
}

@ARTICLE{bib:Deutsch96,
    author  = "David Deutsch and Artur Ekert and Richard Jozsa and Chiara Macchiavello and Sandu Popescu and Anna Sanpera",
    title   = "Quantum Privacy Amplification and the Security of Quantum Cryptography over Noisy Channels",
    year    = "1996",
    journal = PRL,
    volume  = "77",
    pages   = "2818"
}

@ARTICLE{bib:DeutschJozsa92,
	author  = "David Deutsch and Richard Jozsa",
	title   = "Rapid solution of problems by quantum computation",
	year    = "1992",
	journal = "Proc. R. Soc. Lond. A",
	volume  = "439",
	pages   = "553"
}

@BOOK{bib:DummondFicek04,
	author = "P. Drummond and Z. Ficek",
	title  = "Quantum Squeezing",
	year = "2004",
	publisher = "Springer, Berlin"
}

@ARTICLE{bib:Duan00,
    author  = "L.-M. Duan and G. Giedke and J. I. Cirac and P. Zoller",
    title   = "Entanglement purification of Gaussian continuous variable quantum states",
    year    = "2000",
    journal = PRL,
    volume  = "84",
    pages   = "4002"
}

@ARTICLE{bib:Duan01,
    author  = "L.-M. Duan and M. D. Lukin and J. I. Cirac and P. Zoller",
    title   = "Long-distance quantum communication with atomic ensembles and linear optics",
    year    = "2001",
    journal = Nature,
    volume  = "414",
    pages   = "413"
}

@ARTICLE{bib:Duan02,
	author = "L.-M. Duan",
	title = "Entangling Many Atomic Ensembles through Laser Manipulation",
	year = "2002",
	journal = PRL,
	volume = "88",
	pages = "170402"
}

@ARTICLE{bib:Duan05,
    author  = "L.-M. Duan and R. Raussendorf",
    title   = "Efficient quantum computation with probabilistic quantum gates",
    year    = "2005",
    journal = PRL,
    volume  = "95",
    pages   = "080503"
}

@ARTICLE{bib:Duan06,
	author  = "L.-M. Duan and M. J. Madsen and D. L. Moehring and P. Maunz and R. N. Kohn Jr. and C. Monroe",
	title   = "Probabilistic quantum gates between remote atoms through interference of optical frequency qubits",
	year    = "2006",
	eprint  = "quant-ph/0603285"
}

@ARTICLE{bib:DurBriegel04,
	author  = "W. D{\" u}r and H.-J. Briegel",
	title   = "Stability of macropscopic entanglement under decoherence",
	year    = "2004",
	journal = PRL,
	volume  = "92",
	pages   = "180403"
}

@ARTICLE{bib:DurBriegel99,
	author  = "W. D{\" u}r and H.-J. Briegel and J. I. Cirac and P. Zoller",
	title   = "Quantum repeaters based on entanglement purification",
	year    = "1999",
	journal = PRA,
	volume  = "59",
	pages   = "169"
}

@ARTICLE{bib:EPR35,
    author  = "A. Einstein and B. Podolsky and N. Rosen",
    title   = "Can quantum-mechanical description of physical reality be considered complete?",
    year    = "1935",
    journal = PR,
    volume  = "47",
    pages   = "777"
}

@ARTICLE{bib:Ekert91,
    author  = "Artur K. Ekert",
    title   = "Quantum cryptography based on Bell's theorem",
    year    = "1991",
    journal = PRL,
    volume  = "67",
    pages   = "661"
}

@ARTICLE{bib:Ekert96,
	author  = "Artur Ekert and Chiara Macchiavello",
	title   = "Quantum Error Correction for Communication",
	year    = "1996",
	journal = PRL,
	volume  = "77",
	pages   = "2585"
}

@ARTICLE{bib:Ekert02,
    author  = "Artur K. Ekert and Carolina Moura Alves and and Daniel K. L. Oi and Michal Horodecki and Pawel Horodecki and L. C. Kwek",
    title   = "Direct Estimations of Linear and Nonlinear Functionals of a Quantum State",
    year    = "2002",
    journal = PRL,
    volume  = "88",
    pages   = "217901"
}

@ARTICLE{bib:Ekert04,
    author = "A. Ekert and P. Hayden and H. Inamori",
    title  = "Basic concepts in quantum computation",
    year   = "2004",
    eprint = "quant-ph/0011013"
}

@ARTICLE{bib:Feynman85,
	author  = "Richard P. Feynman",
	title   = "Quantum mechanical computers",
	year = "1985",
	journal = FoundPhys,
	volume  = "16",
	pages   = "507"
}

@ARTICLE{bib:Fiorentino04,
    author  = "M. Fiorentino and F. N. C. Wong",
    title   = "Deterministic controlled-NOT gate for single-photon two-qubit quantum logic",
    year    = "2004",
    journal = PRL,
    volume  = "93",
    pages   = "070502"
}

@ARTICLE{bib:Fitch03,
    author  = "M. J. Fitch and B. C. Jacobs and T. B. Pittman and J. D. Franson",
    title   = "Photon number resolution using time-multiplexed single-photon detectors",
    year    = "2003",
    journal = PRA,
    volume  = "68",
    pages   = "043814"
}

@ARTICLE{bib:Gasparoni04,
    author  = "Sara Gasparoni and Jian-Wei Pan and Philip Walther and Terry Rudolph and Anton Zeilinger",
    title   = "Realization of a photonic controlled-NOT gate sufficient for quantum computation",
    year    = "2004",
    journal = PRL,
    volume  = "93",
    pages   = "020504"
}

@article{bib:Gauger07,
	author = {Gauger, E. M. and Benjamin, S. C. and Lovett, B. W.},
	journal = {in preparation},
	title = {Decoherence study of exciton-mediated spin manipulation in quantum dots},
	year = {2007}
}

@article{bib:Gauger07a,
	author = {Gauger, Erik M. and Benjamin, Simon C. and Lovett, Brendon W.},
	title = {Overcoming the fidelity bounds for optical control of quantum dot spins},
	eprint = {arXiv/0708.1692},
	year = {2007}
}

@BOOK{bib:GerryKnight05,
	author = "Christopher C. Gerry and Peter L. Knight",
	title   = "Introductory quantum optics",
	year = "2005",
	publisher = "Cambridge University Press"
}

@INBOOK{bib:GHZ89,
    author    = "Daniel M. Greenberger and Michael A. Horne and Anton Zeilinger (edited by M. Kafatos)",
    booktitle = "Bell's Theorem, Quantum Theory, and Conceptions of the Universe",
    title     = "Going beyond Bell's theorem",
    year      = "1989",
    pages     = "73",
    publisher = "Kluwer Academic, Dordrecht, The Netherlands"
}

@ARTICLE{bib:GHZ90,
    author  = "Daniel M. Greenberger and Michael A. Horne and Abner Shimony and Anton Zeilinger",
    title   = "Bell's theorem without inequalities",
    year    = "1990",
    journal = AJP,
    volume  = "58",
    pages   = "1131"
}

@ARTICLE{bib:GHZ93,
    author  = "Daniel M. Greenberger and Michael A. Horne and Anton Zeilinger",
    year    = "1993",
    journal = PhysToday,
    volume  = "46",
    pages   = "22"
}

@ARTICLE{bib:Gilbert06,
    author  = "Gerald Gilbert and Michael Hamrick and Yaakov S. Weinstein",
    title   = "Efficient construction of photonic quantum-computational clusters",
    year    = "2006",
    journal = PRA,
    pages   = "064303"
}

@ARTICLE{bib:Gilchrist03,
    author  = "Alexei Gilchrist and William J. Munro and Andrew G. White",
    title   = "Input states for quantum gates",
    year    = "2003",
    journal = PRA,
    volume  = "67",
    pages   = "040304(r)"
}

@ARTICLE{bib:Gilchrist04,
	author  = "A. Gilchrist and Kae Nemoto and W. J. Munro and T. C. Ralph and S. Glancy and Samuel L. Braunstein and G. J. Milburn",
	title   = "Schr{\"o}dinger cats and their power for quantum information processing",
	year    = "2004",
	journal = JOptB,
	volume  = "6",
	pages   = "S828"
}

@ARTICLE{bib:Gilchrist05,
    author  = "Alexei Gilchrist and Nathan K. Langford and Michael A. Nielsen",
    title   = "Distance measures to compare real and ideal quantum processes",
    year    = "2005",
    journal = PRA,
    volume  = "71",
    pages   = "062310"
}

@ARTICLE{bib:GilchristHayes05,
    author  = "A. Gilchrist and A. J. F. Hayes and T. C. Ralph",
    title   = "Efficient parity encoded optical quantum computing",
    year    = "2005",
    eprint  = "quant-ph/0505125"
}

@ARTICLE{bib:Gingrich03,
	author = "Robert M. Gingrich and Pieter Kok and Hwang Lee and Farrokh Vatan and Jonathan P. Dowling",
	title  = "All Linear Optical Quantum Memory Based on Quantum Error Correction ",
	year = "2003",
	journal = PRL,
	volume = "91",
	pages = "217901"
}

@ARTICLE{bib:Giovannetti02,
  author  = "V. Giovannetti and L. Maccone and J.H. Shapiro and F.N.C. Won"},
  journal = PRL,
  year    = "2002",
  volume  = "88",
  pages   = "183602"
}

@ARTICLE{bib:Gisin02,
    author  = "Nicolas Gisin and Gr\'egoire Ribordy and Wolfgang Tittel and Hugo Zbinden",
    title   = "Quantum cryptography",
    year    = "2002",
    journal = RMP,
    volume  = "74",
    pages   = "145"
}

@ARTICLE{bib:Glancy02,
    author  = "S. Glancy and J. M. LoSecco and H. M. Vasconcelos and C. E. Tanner",
    title   = "Imperfect detectors in linear optical quantum computers",
    year    = "2002",
    journal = PRA,
    volume  = "65",
    pages   = "062317"
}

@ARTICLE{bib:Glancy04,
	author  = "S. Glancy H. M. Vasconcelos and Timothy C. Ralph",
	title   = "Transmission of optical coherent-state qubits",
	year    = "2004",
	journal = PRA,
	pages   = "022317"
}

@ARTICLE{bib:Glancy06,
    author  = "S. Glancy and E. Knill and H. m. Vasconcelos",
    title   = "Entanglement purification of any stabilizer state",
    year    = "2006",
    eprint  = "quant-ph/0606125"
}

@ARTICLE{bib:Glauber63,
	author  = "Roy J. Glauber",
	title   = "The quantum theory of optical coherence",
	year    = "1963",
	journal = PR,
	volume  = "130",
	pages   = "2529"
}

@ARTICLE{bib:Glauber63b,
	author  = "Roy J. Glauber",
	title   = "Coherent and incoherent states of the radiation field",
	year    = "1963",
	journal = PR,
	volume  = "131",
	pages   = "2766"
}

@ARTICLE{bib:Grice97,
  author  = "W. P. Grice and I. A. Walmsley",
  journal = PRA,
  year    = "1997",
  volume  = "56",
  pages   = "1627"
}

@ARTICLE{bib:Grice01,
    author  = "W. P. Grice and A. B. U'Ren and I. A. Walmsley",
    title   = "Eliminating frequency and space-time correlations in multiphoton states",
    year    = "2001",
    journal = PRA,
    volume  = "64",
    pages   = "063815"
}

@ARTICLE{bib:GottesmanChuang99,
    author  = "D. Gottesman and I. L. Chuang",
    title   = "Demonstrating the viability of universal quantum computation using teleportation and single-qubit operations",
    year    = "1999",
    journal = Nature,
    volume  = "402",
    pages   = "390"
}

@ARTICLE{bib:Goyal06,
    author = "Kovid Goyal and Alex McCauley and Robert Raussendorf",
    title  = "Purification of large bi-colorable graph states",
    year   = "2006",
    eprint = "quant-ph/0605228"
}

@ARTICLE{bib:Gross06,
	author  = "D. Gross and K. Kieling and J. Eisert",
	title   = "Potential and limits to cluster state quantum computing using probabilistic gates",
	year    = "2006",
	journal = PRA,
	volume  = "74",
	pages   = "042343"
}

@ARTICLE{bib:Grover97,
    author  = "Lov K. Grover",
    title   = "Quantum telecomputation",
    year    = "1997",
    eprint  = "quant-ph/9704012"
}

@ARTICLE{bib:Hayes04,
    author  = "A. J. F. Hayes and A. Gilchrist and T. C. Ralph",
    title   = "Utilizing encoding in scalable linear optics quantum computing",
    year    = "2004",
    journal = JOptB,
    volume  = "6",
    pages   = "533"
}

@ARTICLE{bib:Hein06,
    author = "Marc Hein and Wolfgang D{\"u}r and Jens Eisert and Robert Raussendorf and Maarten van den Nest and Hans J{\"u}rgen Briegel",
    title  = "Entanglement in graph states and its applications",
    year   = "2006",
    eprint = "quant-ph/0602096"
}

@ARTICLE{bib:Hendrych03,
    author  = "Martin Hendrych and Miloslav Du{\u s}ek and Radim Filip and Jaromír Fiur{\' a}{\u s}ek",
    title   = "Simple optical measurement of the overlap and fidelity of quantum states",
    year    = "2003",
    journal = PLA,
    volume  = "310",
    pages   = "95"
}

@ARTICLE{bib:HOM87,
    author  = "C. K. Hong and Z. Y. Ou and L. Mandel",
    title   = "Measurement of sub-picosecond time intervals between two photons by interference",
    year    = "1987",
    journal = PRL,
    volume  = "59",
    pages   = "2044"
}

@ARTICLE{bib:Howard05,
    author  = "M. Howard and J. Twamley and C. Wittmann and T. Gaebel and F. Jelezko and J. Wrachtrup",
    title   = "Quantum process tomography of a single solid state qubit",
    year    = "2005",
    eprint  = "quant-ph/0503153"
}

@ARTICLE{bib:Hradil97,
    title   = "Quantum-state estimation",
    author  = "Z. Hradil",
    year    = "1997",
    journal = PRA,
    volume  = "55",
    pages   = "1561"
}

@ARTICLE{bib:HuangEberly93,
	author  = "H. Huang and J. H. Eberly",
	title   = "Correlations and one-quantum pulse shapes in photon pair generation",
	year    = "1993",
	journal = JMO,
	volume  = "40",
	pages   = "915"
}

@ARTICLE{bib:Huang04,
    author  = "Yun-Feng Huang and Xi-Feng Ren and Yong-Sheng Zhang and Lu-Ming Duan and Guang-Can Guo",
    title   = "Experimental teleportation of a quantum controlled-NOT gate",
    year    = "2004",
    journal = PRL,
    volume  = "93",
    pages   = "240501"
}

@ARTICLE{bib:Huntington04,
    author  = "E. H. Huntington and T. C. Ralph",
    title   = "Components for optical qubits encoded in sideband modes",
    year    = "2004",
    journal = PRA,
    volume  = "69",
    pages   = "042318"
}

@ARTICLE{bib:James01,
    author  = "D. F. V. James and P. G. Kwiat and W. J. Munro and A. G. White",
    title   = "Measurement of qubits",
    year    = "2001",
    journal = PRA,
    volume  = "64",
    pages   = "052312"
}

@ARTICLE{bib:Jennewein00,
    author  = "T. Jennewein and C. Simon and G. Weihs and H. Weinfurter and A. Zeilinger",
    title   = "Quantum cryptography with entangled photons",
    year    = "2000",
    journal = PRL,
    volume  = "84",
    pages   = "4729"
}

@ARTICLE{bib:JeongRalph05,
	author    = "H. Jeong and T. C. Ralph",
	title     = "Schrodinger cat states for quantum information processing",
	year      = "2005",
	eprint    = "quant-ph/0509137"
}

@ARTICLE{bib:Jeong06,
	author   = "Hyunseok Jeong",
	title    = "Quantum computation using weak nonlinearities: robustness against decoherence",
	year     = "2006",
	journal  = PRA,
	volume   = "73",
	pages    = "052320"
}

@ARTICLE{bib:Jiang06,
	author = "L. Jiang and J. M. Taylor and M. D. Lukin",
	title  = "A fast and robust approach to long-distance quantum communication with atomic ensembles",
	year   = "2006",
	eprint = "quant-ph/0609236"
}

@ARTICLE{bib:Jones06,
    author  = "Nick S. Jones and T. M. Stace",
    title   = "Photon frequency mode matching using Acousto-Optic Frequency beam splitter",
    year    = "2006",
    journal = PRA,
    volume  = "73",
    pages   = "033813"
}

@ARTICLE{bib:Kay06,
    author  = "Alastair Kay and Jiannis K. Pachos and Wolfgang D{\" u}r and Hans-J. Briegel",
    title   = "Optimal purification of thermal graph states",
    year    = "2006",
    eprint  = "quant-ph/0606177"
}

@ARTICLE{bib:Kay06b,
	author = "Alastair Kay and Jiannis K. Pachos",
	title  = "A class of optimal purification protocols and related upper-bounds to fault-tolerance",
	year   = "2006",
	eprint = "quant-ph/0608080"
}

@ARTICLE{bib:Keller04,
    author  = "M. Keller and B. Lange and K. Hayasaka and W. Lange and H. Walther",
    title   = "Continuous generation of single photons with controlled waveform in an ion-trap cavity system",
    year    = "2004",
    journal = Nature,
    volume  = "431",
    pages   = "1075"
}

@ARTICLE{bib:Kieling06,
    author  = "K. Kieling and D. Gross and J. Eisert",
    title   = "Minimal resources for linear optical one-way computing",
    year    = "2006",
    journal = "J. Opt. Soc. Am. B",
    volumne = "24",
    pages = "184"
}

@ARTICLE{bib:KielingRudolphEisert06,
	author = "K. Kieling and T. Rudolph and J. Eisert",
	title  = "Percolation, renormalization, and quantum computing with non-deterministic gates",
	year   = "2006",
	journal = PRL,
	volume = "99",
	pages = "130501"
}

@ARTICLE{bib:Kieling07,
	author = "K. Kieling and D. Gross and J. Eisert",
	title  = "Cluster state preparation using gates operating at arbitrary success probabilities",
	year   = "2007",
	journal = NJP,
	volume = "9",
	pages = "200"
}

@ARTICLE{bib:Kim99,
    author  = "Jungsang Kim and Shigeki Takeuchi and Yoshihisa Yamamoto and Henry H. Hogue",
    title   = "Multiphoton detection using visible light photon counter",
    year    = "1999",
    journal = APL,
    volume  = "74",
    pages   = "902"
}

@ARTICLE{bib:Kiraz04,
    author  = "A. Kiraz and M. Atat{\"u}re and A. Imamo{\u g}lu",
    title   = "Quantum-dot single-photon sources: Prospects for applications in linear optics quantum-information processing",
    year    = "2004",
    journal = PRA,
    volume  = "69",
    pages   = "032305"
}

@ARTICLE{bib:KLM01,
    author  = "E. Knill and R. Laflamme and G. Milburn",
    title   = "A scheme for efficient quantum computation with linear optics",
    year    = "2001",
    journal = Nature,
    volume  = "409",
    pages   = "46"
}

@ARTICLE{bib:Knill02,
    author  = "E. Knill",
    title   = "Quantum gates using linear optics and postselection",
    year    = "2002",
    journal = PRA,
    volume  = "66",
    pages   = "052306"
}

@ARTICLE{bib:Knill03,
    author  = "E. Knill",
    title   = "Bounds on the probability of success of postselected nonlinear sign shifts implemented with linear optics",
    year    = "2003",
    journal = PRA,
    volume  = "68",
    pages   = "064303"
}

@ARTICLE{bib:KnillLaflamme04,
    author = "E. Knill and R. Laflamme and L. Viola",
    title  = "Theory of quantum error correction for general noise",
    year   = "2004",
    eprint = "quant-ph/9908066"
}

@ARTICLE{bib:Knill04,
    author  = "E. Knill",
    title   = "Fault-tolerant postselected quantum computation: threshold analysis",
    year    = "2004",
    eprint  = "quant-ph/0404104"
}

@ARTICLE{bib:Knill05,
    author  = "E. Knill",
    title   = "Quantum computing with realistically noisy devices",
    year    = "2005",
    journal = Nature,
    volume  = "434",
    pages   = "30"
}

@ARTICLE{bib:Knill06,
    author = "E. Knill",
    title  = "Scalable quantum computation in the presence of large detected-error rates",
    year   = "2006",
    eprint = "quant-ph/0312190"
}

@ARTICLE{bib:Kok01,
    author  = "P. Kok and S. L. Braunstein",
    title   = "Detection devices in entanglement-based optical state preparation",
    year    = "2001",
    journal = PRA,
    volume  = "63",
    pages   = "033812"
}

@ARTICLE{bib:Kok03,
    author  = "Pieter Kok",
    title   = "Limitations on building single-photon-resolution detection devices",
    year    = "2003",
    journal = "IEEE: Sel. Top. Quantum Electronics",
    volume  = "9",
    pages   = "1498"
}

@ARTICLE{bib:Kok05,
    author = "Pieter Kok and William J. Munro and Kae Nemoto and Timothy C. Ralph and Jonathan P. Dowling and G. J. Milburn",
    title  = "Linear optical quantum computing with photonic qubits",
    year   = "2005",
    journal = RMP,
	volume = "79",
	pages = "135"
}

@BOOK{bib:Krauss83,
    author    = "K. Kraus",
    title     = "States, Effects and Operations: Fundamental Notions of Quantum Theory",
    year      = "1983",
    publisher = "Springer-Verlag, Berlin"
}

@ARTICLE{bib:Kruszynska06,
    author = "Caroline Kruszynska and Akimasa Miyake and Hans J. Briegel and and Wolfgang D{\" u}r",
    title  = "Entanglement purification protocols for all graph states",
    year   = "2006",
    eprint = "quant-ph/0606090"
}

@ARTICLE{bib:Kuhn02,
    author  = "A. Kuhn and M. Hennrich and G. Rempe",
    title   = "Deterministic single-photon source for distributed quantum networking",
    year    = "2002",
    journal = PRL,
    volume  = "89",
    pages   = "067901"
}

@ARTICLE{bib:Kurtsiefer00,
    author  = "C. Kurtsiefer and S. Mayer and P. Zarda and H. Weinfurter",
    title   = "Stable solid-state source of single photons",
    year    = "2000",
    journal = PRL,
    volume  = "89",
    pages   = "290"
}

@ARTICLE{bib:Kuzucu05,
  author  = "O. Kuzucu and M. Fiorentino and M.A. Albota and F.N.C Wong and F.X. Kartner",
  journal = PRL,
  year    = "2005",
  volume  = "94",
  pages   = "083601"
}

@ARTICLE{bib:Ladd06,
	author  = "T. D. Ladd and P. van Loock and K. Nemoto and W. J. Munro and Y. Yamamoto",
	title   = "Hybrid quantum repeater based on dispersive CQED interactions between matter qubits and bright coherent light",
	year    = "2006",
	journal = NJP,
	volume  = "8",
	pages   = "184"
}

@ARTICLE{bib:Ladd07,
	author = "T. D. Ladd",
	year  = "2007",
	journal = "in preparation"
}

@ARTICLE{bib:Lamata05,
  author  = "L. Lamata and J. Leon",
  journal = JOptB,
  year    = "2005",
  volume  = "7",
  pages   = "224"
}

@ARTICLE{bib:Law00,
	author  = "C. K. Law and I. A. Walmsley and J. H. Eberly",
	title   = "Continuous frequency entanglement: effective finite Hilbert space and entropy control",
	year    = "2000",
	journal = PRL,
	volume  = "84",
	pages   = "5304"
}

@ARTICLE{bib:Law04,
	author  = "C. K. Law and J. H. Eberly",
	title   = "Analysis and Interpretation of High Transverse Entanglement in Optical Parametric Down Conversion",
	year    = "2004",
	journal = PRL,
	volume  = "92",
	pages   = "127903"
}

@ARTICLE{bib:LauratKimble07,
	author = "J. Laurat and K. S. Choi and H. Deng and C. W. Chou and H. J. Kimble",
	title = " Heralded Entanglement between Atomic Ensembles: Preparation, Decoherence, and Scaling",
	year = "2007",
	journal = PRL,
	volume = "99",
	pages = "180504"
}

@ARTICLE{bib:Lee04,
    author  = "Hwang Lee and Ulvi Yurtsever and Pieter Kok and George M. Hockney and Christoph Adami and Samuel L. Braunstein and Jonathan P. Dowling",
    title   = "Towards photostatistics from photon-number discriminating detectors",
    year    = "2004",
    journal = JMO,
    volume  = "51",
    pages   = "1517"
}

@ARTICLE{bib:Legero03,
    author  = "T. Legero and T. Wilk and A. Kuhn and G. Rempe",
    title   = "Time-resolved two-photon quantum interference",
    year    = "2003",
    journal = APB,
    volume  = "77",
    pages   = "797"
}

@ARTICLE{bib:Legero04,
    author  = "T. Legero and T. Wilk and M. Hennrich and G. Rempe and A. Kuhn",
    title   = "Quantum beat of two single photons",
    year    = "2004",
    journal = PRL,
    volume  = "93",
    pages   = "070503"
}

@ARTICLE{bib:Legero05,
    author = "T. Legero and T. Wilk and A. Kuhn and G. Rempe",
    title  = "Characterization of single photons using two-photon interference",
    year   = "2005",
    eprint = "quant-ph/0512023"
}

@BOOK{bib:Leonhard05,
    author    = "U. Leonhardt",
    title     = "Measuring the Quantum State of Light",
    year      = "2005",
    publisher = "Cambridge University Press"
}

@ARTICLE{bib:Leung06,
	author = "Patrick M. Leung and Timothy C. Ralph",
	title  = "Improving the fidelity of optical Zeno gates via distillation",
	year   = "2006",
	eprint = "quant-ph/0609224"
}

@ARTICLE{bib:Lidar98,
    author  = "D. A. Lidar and I. L. Chuang and K. B. Whaley",
    title   = "Decoherence-free subspaces for quantum computation",
    year    = "1998",
    journal = PRL,
    volume  = "81",
    pages   = "2594"
}

@ARTICLE{bib:Lidar99,
    author  = "D. A. Lidar and D. Bacon and K. B. Whaley",
    title   = "Concatenating decoherence-free subspaces with quantum error correcting codes",
    year    = "1999",
    journal = PRL,
    volume  = "82",
    pages   = "4556"
}

@ARTICLE{bib:Lim05,
    author  = "Yuan Liang Lim and Almut Beige and Leong Chuan Kwek",
    title   = "Repeat-until-success linear optics distributed quantum computing",
    year    = "2005",
    journal = PRL,
    volume  = "95",
    pages   = "030505"
}

@ARTICLE{bib:LimBarrett05,
	author  = "Yuan Liang Lim and Sean D. Barrett and Almut Beige and Pieter Kok and Leong Chuan Kwek",
	title   = "Repeat-until-success quantum computing using stationary and flying qubits",
	year    = "2005",
	journal = PRA,
	volume  = "73",
	pages   = "012304"
}

@ARTICLE{bib:Lindenthal06,
    author = "Michael Lindenthal and Johannes Kofler",
    title  = "Measuring the absolute photo detection efficiency using photon number correlations",
    year   = "2006",
    eprint = "quant-ph/0606041"
}

@ARTICLE{bib:Loock06,
    author  = "P. van Loock and T. D. Ladd and K. Sanaka and F. Yamaguchi and Kae Nemoto and W. J. Munro and Y. Yamamoto",
    title   = "Practical quantum repeater using intense coherent light",
    year    = "2006",
    journal = PRL,
    volume  = "96",
    pages   = "240501"
}

@ARTICLE{bib:Louis06,
    author  = "Sebastien G. R. Louis and Kae Nemoto and W. J. Munro and T. P. Spiller",
    title   = "Weak nonlinearities and cluster states",
    year    = "2006",
    journal = PRA,
	volume = "75",
	pages = "042323"
}

@ARTICLE{bib:Lounis00,
    author  = "B. Lounis and W. E. Moerner",
    title   = "Single photons on demand from a single molecule at room temperature",
    year    = "2000",
    journal = Nature,
    volume  = "407",
    pages   = "491"
}

@ARTICLE{bib:Lu06,
	author = "Chao-Yang Lu and Xiao-Qi Zhou and Otfried Gühne and Wei-Bo Gao and Jin Zhang and Zhen-Sheng Yuan and Alexander Goebel and Tao Yang and and Jian-Wei Pan",
	title  = "Experimental entanglement of six photons in graph states",
	year   = "2006",
	eprint = "quant-ph/0609130"
}

@ARTICLE{bib:Lund03,
    author  = "A. P. Lund and T. B. Bell and T. C. Ralph",
    title   = "Comparison of linear optics quantum-computation control-sign gates with ancilla inefficiency and an improvement to functionality under these conditions",
    year    = "2003",
    journal = PRA,
    volume  = "68",
    pages   = "022313"
}

@ARTICLE{bib:Lund04,
	author  = "Austin P. Lund and H. Jeong and Timothy C. Ralph and M. S. Kim",
	title   = "Conditional Production of Superpositions of Coherent States with Inefficient Photon Detection",
	year    = "2004",
	journal = PRA,
	volume  = "70",
	pages   = "020101(R)"
}

@ARTICLE{bib:Lutkenhaus99,
	author  = "N. L{\" u}tkenhaus and J. Calsamiglia and K.-A. Suominen",
	title       = "Bell measurements for teleportation ",
	journal = PRA,
	year      = "1999",
	volume = "59",
	pages   = "3295"
}

@ARTICLE{bib:Lvovsky01,
	author  = "A. I. Lvovsky and H. Hansen and T. Aichele and O. Benson and J. Mlynek and S. Schiller",
	title   = "Quantum state reconstruction of the single-photon Fock state",
	journal = PRL,
	year    = "2001",
	volume  = "87",
	pages   = "050402"
}

@ARTICLE{bib:Lvovsky06,
	author  = "A. I. Lvovsky and Wojciech Wasilewsky and Konrad Banaszek",
	title   = "Decomposing a pulsed optical parametric amplifier into independent squeezers",
	year    = "2006",
	eprint  = "quant-ph/0601170"
}

@MISC{bib:MagiQ,
    title        = "\emph{Magi{Q} {T}echnologies}",
    howpublished = "\url{http://www.magiqtech.com}"
}

@BOOK{bib:Mandel95,
	title     = "Optical Coherence and Quantum Optics",
	author    = "Leonard Mandel and Emil Wolf",
	publisher = "Springer",
	year      = "1995"
}

@ARTILCE{bib:Mandel99,
    author  = "L. Mandel",
    title   = "Quantum effects in one-photon and two-photon interference",
    year    = "1999",
    journal = RMP,
    volume  = "71",
    pages   = "S274"
}

@ARTICLE{bib:Matsukevich05,
    author  = "D. N. Matsukevich and T. Chaneli\`ere and M. Bhattacharya and S.-Y. Lan and S. D. Jenkins and T. A. B. Kennedy and A. Kuzmich",
    title   = "Entanglement of a photon and a collective atomic excitation",
    year    = "2005",
    journal = PRL,
    volume  = "95",
    pages   = "040405"
}

@ARTICLE{bib:Matsukevich05b,
    author  = "D. N. Matsukevich and T. Chaneli\`ere and S. D. Jenkins and S.-Y. Lan and T. A. B. Kennedy and A. Kuzmich",
    title   = "Entanglement of remote atomic qubits",
    year    = "2005",
    journal = PRL,
    volume  = "96",
    pages   = "030405"
}

@ARTICLE{bib:McKeever92,
    title   = "Deterministic generation of single photons from one atom trapped in a cavity",
    author  = "J. McKeever and A. Boca and A. D. Boozer and R. Miller and J. R. Buck and A. Kuzmich and H. J. Kimble",
    journal = Science,
    year    = "2004",
    volume  = "303",
    pages   = "1992"
}

@ARTICLE{bib:Menicucci06,
	author  = "N. C. Menicucci and P. Van loock and M. Gu and C. Weedbrook and T. C. Ralph and M. A. Nielsen",
	title   = "Universal quantum computation with continuous-variable cluster states",
	journal = PRL,
	year    = "2006",
	volume  = "97",
	pages   = "110501",
}

@BOOK{bib:Merzbacher98,
    author    = "E. Merzbacher",
    title     = "Quantum mechanics",
    year      = "1998",

    publisher = "Wiley"
}

@ARTICLE{bib:Milburn07,
	author = "Gerard J. Milburn",
	year = "2007",
	journal ="in preparation"
}

@ARTICLE{bib:Mitchell03,
    author  = "M. W. Mitchell and C. W. Ellenor and S. Schneider and A. M. Steinberg",
    title   = "Diagnosis, prescription, and prognosis of a Bell-state filter by quantum process tomography",
    year    = "2003",
    journal = PRL,
    volume  = "91",
    pages   = "120402"
}

@ARTICLE{bib:MorYoran06,
    author  = "Tal Mor and Nadav Yoran",
    title   = "Methods for scalable optical quantum computation",
    year    = "2006",
    eprint  = "quant-ph/0603118"
}

@ARTICLE{bib:Moreau01,
    author  = "E. Moreau and I. Robert and J. M. G\'erard and I. Abram and L. Manin and V. Thierry-Mieg",
    title   = "Single-mode solid-state single photon source based on isolated quantum dots in pillar microcavities",
    year    = "2001",
    journal = APL,
    volume  = "79",
    pages   = "2865"
}

@ARTICLE{bib:Muller96,
    author  = "A. Muller and H. Zbinden and N. Gisin",
    title   = "Quantum cryptography over 23km in installed under-lake telecom fibre",
    year    = "1996",
    journal = "Europhys. Lett.",
    volume  = "33",
    pages   = "334"
}

@ARTICLE{bib:Munro05,
    author  = "W. J. Munro and K. Nemoto and T. P. Spiller",
    title   = "Weak nonlinearities: a new route to optical quantum computation",
    year    = "2005",
    journal = NJP,
    volume  = "7",
    pages   = "137"
}

@ARTICLE{bib:Naik00,
    author  = "D. Naik and C. Peterson and A. White and A. Berglund and P. Kwiat",
    title   = "Entangled state quantum cryptography: eavesdropping on the Ekert protocol",
    year    = "2000",
    journal = PRL,
    volume  = "84",
    pages   = "4733"
}

@ARTICLE{bib:Nambu05,
    author  = "Y. Nambu and K. Nakamura",
    title   = "Experimental investigation of a nonideal two-qubit quantum-state filter by quantum process tomography",
    year    = "2005",
    journal = PRL,
    volume  = "94",
    pages   = "010404"
}

@article{bib:Nazir04,
	Author = {Nazir, A. and Lovett, B. W. and Barrett, S. D. and Spiller, T. P. and Briggs, G. A. D.},
	Journal = {Physical Review Letters},
	Number = {15},
	Pages = {150502},
	Publisher = {APS},
	Title = {Selective Spin Coupling through a Single Exciton},
	Volume = {93},
	Year = {2004}
}

@UNPUBLISHED{bib:Neergard-Nielsen06,
	author = "J. S. Neergard-Nielsen and B. {Meltholt Nielsen} and C. Hettich and K. Moelmer and E. S. Polzik",
	title  = "Generation of a superposition of odd photon number states for quantum information networks",
	eprint = "quant-ph/0602198"
}

@ARTICLE{bib:Nemoto04,
    author  = "Kae Nemoto and W. J. Munro",
    title   = "Nearly deterministic linear optical controlled-NOT gate",
    year    = "2004",
    journal = PRL,
    volume  = "93",
    pages   = "250502"
}

@ARTICLE{bib:Nielsen98,
    author  = "M. A. Nielsen and E. Knill and R. Laflamme",
    title   = "Complete quantum teleportation using nuclear magnetic resonance",
    year    = "1998",
    journal = Nature,
    volume  = "396",
    pages   = "52"
}

@ARTICLE{bib:Nielsen04,
    author  = "M. A. Nielsen",
    title   = "Optical quantum computation using cluster states",
    year    = "2004",
    journal = PRL,
    volume  = "93",
    pages   = "040503"
}

@ARTICLE{bib:Nielsen06,
    author  = "M. A. Nielsen",
    title   = "Cluster-state quantum computation",
	year    = "2006",
	journal = RepMathPhys,
	volume  = "57",
	pages   = "147"
}

@ARTICLE{bib:NielsenDowling06,
    author  = "Michael A. Nielsen and Mark R. Dowling and Mile Gu and Andrew C. Doherty",
    title   = "Quantum computation as geometry",
    year    = "2006",
    journal = Science,
    volume  = "311",
    pages   = "1133"
}

@ARTICLE{bib:NielsenDowling06b,
    author  = "Michael A. Nielsen and Mark R. Dowling and Mile Gu and Andrew C. Doherty",
    title   = "Optimal control, geometry, and quantum computing",
    year    = "2006",
    journal = PRA,
    volume  = "73",
    pages   = "062323"
}

@BOOK{bib:NielsenChuang00,
    author    = "M. A. Nielsen and I. L. Chuang",
    title     = "Quantum Computation and Quantum Information",
    year      = "2000",
    publisher = "Cambridge University Press, Cambridge"
}

@ARTICLE{bib:NielsenDawson04,
    author = "M. A. Nielsen and C. M. Dawson",
    title  = "Fault-tolerant quantum computation with cluster states",
    year   = "2004",
    eprint = "quant-ph/0405134"
}

@ARTICLE{bib:OBrien03,
    author  = "J. L. O'Brien and G. J. Pryde and A. G. White and T. C. Ralph and D. Branning",
    title   = "Demonstration of an all-optical quantum controlled-NOT gate",
    year    = "2003",
    journal = Nature,
    volume  = "426",
    pages   = "264"
}

@ARTICLE{bib:Oi03,
    author  = "Daniel K. L. Oi",
    title   = "Interference of Quantum Channels",
    year    = "2003",
    journal = PRL,
    volume  = "91",
    pages   = "067902"
}

@ARTICLE{bib:Opatrny02,
	author  = "T. Opatrny and N. Korolkova and G. Leuchs",
	title   = "Mode structure and photon number correlations in squeezed quantum pulses",
	journal = PRA,
	year    = "2002",
	volume  = "66",
	pages   = "053813"
}

@ARTICLE{bib:Ou97,
    author  = "Z. Y. Ou",
    title   = "Parametric down-conversion with coherent pulse pumping and quantum interference between independent fields",
    year    = "1997",
    journal = JOptB,
    volume  = "9",
    pages   = "599"
}

@ARTICLE{bib:OuLu99,
    author  = "Z. Y. Ou and Y. J. Lu",
    title   = "Cavity enhanced spontaneous parametric down-conversion for the prolongation of correlation time between conjugate photons",
    year    = "1999",
    journal = PRL,
    volume  = "83",
    pages   = "2556"
}

@ARTICLE{bib:Ou06,
    author  = "Z. Y. Ou",
    title   = "Temporal distinguishability of an N-photon state",
    year    = "2006",
    eprint  = "quant-ph/0601118"
}

@ARTICLE{bib:Ourjoumtsev06,
    author  = "Alexei Ourjoumtsev and Rosa Tualle-Brouri and Julien Laurat and Philippe Grangier",
    title   = "Generating optical Schr{\" o}dinger Kittens for quantum information processing",
    year    = "2006",
    journal = Science,
    volume  = "312",
    pages   = "83"
}

@ARTICLE{bib:Oxborrow05,
	author  = "M. Oxborrow and A. G. Sinclair",
	title   = "Single-photon sources",
	journal = "Cont. Phys.",
	year    = "2005",
	volume  = "46",
	pages   = "173",
}

@ARTICLE{bib:Pan01,
    author  = "Jian-Wei Pan and Christoph Simon and {\u C}aslav Brukner and Anton Zeilinger",
    title   = "Entanglement purification for quantum communication",
    year    = "2001",
    journal = Nature,
    volume  = "410",
    pages   = "1067"
}

@ARTICLE{bib:Pan03,
    author  = "Jian-Wei Pan and Sara Gasparoni and Rupert Ursin and Gregor Weihs and Anton Zeilinger",
    title   = "Experimental entanglement purification of arbitrary unknown states",
    year    = "2003",
    journal = Nature,
    volume  = "423",
    pages   = "417"
}

@ARTICLE{bib:ParkerBosePlenio00,
	author  = "S. Parker and S. Bose and M. B. Plenio",
	title   = "Entanglement quantification and purification in continuous-variable systems",
	year    = "2000",
	journal = PRA,
	volume  = "61",
	pages   = "032305"
}

@ARTICLE{bib:Paul96,
    author  = "H. Paul and P. T{\"o}rm{\"a} and T. Kiss and I. Jex",
    title   = "Photon chopping: new way to measure the quantum state of light",
    year    = "1996",
    journal = PRL,
    volume  = "76",
    pages   = "2464"
}

@ARTICLE{bib:Peer05,
    author  = "Avi Pe'er and Barak Dayan and Asher A. Friesem and Yaron Silberberg",
    title   = "Temporal shaping of entangled photons",
    year    = "2005",
    journal = PRL,
    volume  = "94",
    pages   = "073601"
}

@ARTICLE{bib:Pereira07,
	author = "George Andre Pereira The and Tubens Viana Ramos",
	title  = "Multiple-photon number resolving detector using fibre rind and single-photon detector",
	year  = "2007",
	journal = JMO,
	volume = "54",
	pages  = "1187"
}

@ARTICLE{bib:Perina06,
	author = "J. Perina and O. Haderka and M. Hamar",
	title  = "Statistical properties of twin beam generated in spontaneous parametric downconversion",
	year   = {2006},
	eprint = "quant-ph/0310065",
}

@ARTICLE{bib:Pittman01,
    author  = "T. B. Pittman and B. C. Jacobs and J. D. Franson",
    title   = "Probabilistic quantum logic operations using polarizing beam splitters",
    year    = "2001",
    journal = PRA,
    volume  = "64",
    pages   = "062311"
}

@ARTICLE{bib:Pittman02,
    author  = "T. B. Pittman and J. D. Franson",
    title   = "Cyclical quantum memory for photonic qubits",
    year    = "2002",
    journal = PRA,
    volume  = "66",
    pages   = "062302"
}

@ARTICLE{bib:Pittman03,
    author  = "T. B. Pittman and  M. J. Fitch and B. C. Jacobs and J. D. Franson",
    title   = "Experimental controlled-NOT logic gate for single photons in the coincidence basis",
    year    = "2003",
    journal = PRA,
    volume  = "68",
    pages   = "032316"
}

@ARTICLE{bib:Pittman05,
    author  = "T. B. Pittman and B. C. Jacobs and J. D. Franson",
    title   = "Experimental demonstration of a quantum circuit using linear optics gates",
    year    = "2005",
    journal = PRA,
    volume  = "71",
    pages   = "032307"
}

@ARTICLE{bib:Poyatos97,
    author  = "J. F. Poyatos and J. I. Cirac and P. Zoller",
    title   = "Complete characterization of a quantum process: the two-bit quantum gate",
    year    = "1997",
    journal = PRL,
    volume  = "78",
    pages   = "390"
}

@ARTICLE{bib:OBrien04,
    author  = "J. L. O'Brien and G. J. Pryde and A. Gilchrist and D. F. V. James and N. K. Langford and T. C. Ralph and A. G. White",
    title   = "Quantum process tomography of a controlled-NOT gate",
    year    = "2004",
    journal = PRL,
    volume  = "93",
    pages   = "080502"
}

@ARTICLE{bib:Pregnell02,
    author  = "K. L. Pregnell and D. T. Pegg",
    title   = "Measuring the elements of the optical density matrix",
    year    = "2002",
    journal = PRA,
    volume  = "66",
    pages   = "013810"
}

@ARTICLE{bib:Pryde04,
    author  = "G. J. Pryde and J. L. O'Brien and A. G. White and S. D. Bartlett and T. C. Ralph",
    title   = "Measuring a photonic qubit without destroying it",
    year    = "2004",
    journal = PRL,
    volume  = "92",
    pages   = "190402"
}

@ARTICLE{bib:Raginsky01,
    author  = "M. Raginsky",
    title   = "A fidelity measure for quantum channels",
    year    = "2001",
    journal = PLA,
    volume  = "290",
    pages   = "11"
}

@ARTICLE{bib:Ralph02,
    author  = "T. C. Ralph and N. K. Langford and T. B. Bell and A. G. White",
    title   = "Linear optical controlled-NOT gate in the coincidence basis",
    year    = "2002",
    journal = PRA,
    volume  = "65",
    pages   = "062324"
}

@ARTICLE{bib:Ralph01,
    author  = "T. C. Ralph and A. G. White and W. J. Munro and G. J. Milburn",
    title   = "Simple scheme for efficient linear optics quantum gates",
    year    = "2001",
    journal = PRA,
    volume  = "65",
    pages   = "012314"
}

@ARTICLE{bib:RalphHayes05,
    author  = "Timothy C. Ralph and A. J. F. Hayes and Alexei Gilchrist",
    title   = "Loss-tolerant optical qubits",
    year    = "2005",
    journal = PRL,
    volume  = "95",
    pages   = "100501"
}

@ARTICLE{bib:Ralph06,
    author  = "Timothy C. Ralph",
    title   = "Quantum optical systems for the implementation of quantum information processing",
    year    = "2006",
    journal = RepProgPhys,
    volume  = "69",
    pages   = "853"
}

@ARTICLE{bib:Raussendorf01,
    author  = "R. Raussendorf and H. J. Briegel",
    title   = "A one-way quantum computer",
    year    = "2001",
    journal = PRL,
    volume  = "86",
    pages   = "5188"
}

@ARTICLE{bib:Raussendorf03,
    author  = "R. Raussendorf and D. E. Browne and H. J. Briegel",
    title   = "Measurement-based quantum computation on cluster states",
    year    = "2003",
    journal = PRA,
    volume  = "68",
    pages   = "022312"
}

@ARTICLE{bib:Raymer05,
  author  = "M. G. Raymer and J. Noh and K. Banaszek and  I.A. Walmsley",
  journal = PRA,
  year    = "2005",
  pages   = "023825"
}

@ARTICLE{bib:Razborov04,
    author  = "Alexander Razborov",
    title   = "An upper bound on the threshold quantum decoherence rate",
    year    = "2004",
    journal = QIC,
    volume  = "4",
    pages   = "222"
}

@ARTICLE{bib:RudolphNotes05,
    author  = "Terry Rudolph",
    title   = "Building cluster states via linear optics",
    year    = "2005",
    journal = "Unpublished notes"
}

@MISC{bib:RohdeHomepage,
    author = "Peter P. Rohde",
    URL    = "http://www.physics.uq.edu.au/people/rohde"
}

@ARTICLE{bib:Rohde05,
    author  = "Peter P. Rohde",
    title   = "Non-deterministic approximation of photon number discriminating detectors using non-discriminating detectors",
    year    = "2005",
    journal = JOptB,
    volume  = "7",
    pages   = "82"
}

@ARTICLE{bib:RohdeRalph05,
    author = "Peter P. Rohde and Timothy C. Ralph",
    title  = "Frequency and temporal effects in linear optical quantum computing",
    year   = "2005",
    journal = PRA,
    volume  = "71",
    pages   = "032320"
}

@ARTICLE{bib:RohdeRalph05b,
    author  = "Peter P. Rohde and Timothy C. Ralph and Michael A. Nielsen",
    title   = "Optimal photons for quantum information processing",
    year    = "2005",
    journal = PRA,
    volume  = "72",
    pages   = "052332"
}

@ARTICLE{bib:RohdePryde05,
    author  = "Peter P. Rohde and G. J. Pryde and J. L. O'Brien and Timothy C. Ralph",
    title   = "Quantum gate characterization in an extended Hilbert space",
    year    = "2005",
    journal = PRA,
    volume  = "72",
    pages   = "032306"
}

@ARTICLE{bib:RohdeRalphMunro06,
    author  = "Peter P. Rohde and Timothy C. Ralph and William J. Munro",
    title   = "Practical limitations in optical entanglement purification",
    year    = "2006",
    journal = PRA,
    volume  = "73",
    pages   = "030301(R)"
}

@ARTICLE{bib:RohdeRalph06,
    author  = "Peter P. Rohde and Timothy C. Ralph",
    title   = "Error models for mode-mismatch in linear optics quantum computing",
    year    = "2006",
    journal = PRA,
    volume  = "73",
    pages   = "062312"
}

@ARTICLE{bib:RohdeRalph06b,
    author  = "Peter P. Rohde and Timothy C. Ralph",
    title   = "Modelling photo-detectors in quantum optics",
    year    = "2006",
    journal = JMO,
    volume  = "53",
    pages   = "1589"
}

@ARTICLE{bib:RohdeRalphMunro07,
    author  = "Peter P. Rohde and Timothy C. Ralph and William J. Munro",
    title   = "Error tolerance and tradeoffs in loss- and failure-tolerant quantum computing schemes",
    year    = "2007",
	journal = PRA,
	volume  = "75",
	pages  = "010302(R)"
}

@ARTICLE{bib:Rohde06,
    author = "Peter P. Rohde",
    title  = "Upper bounds on the tradeoff between loss and error rates in non-degenerate quantum error correcting codes",
    year   = "2006",
    eprint = "quant-ph/0605183"
}

@ARTICLE{bib:Rohde06b,
	author = "Peter P. Rohde",
	title  = "Quantum state tomography of single photons in the spectral degree of freedom",
	year   = "2006",
	eprint = "quant-ph/0609005"
}

@ARTICLE{bib:RohdeMauererSilberhorn07,
	author = "Peter P. Rohde and Wolfgang Mauerer and Christine Silberhorn",
	title  = "Spectral structure and decompositions of optical states, and their applications",
	year   = "2007",
	journal = NJP,
	volume = "9",
	pages = "91"
}

@ARTICLE{bib:RohdeBarrett07,
	author = "Peter P. Rohde and Sean D. Barrett",
	title   = "Strategies for the preparation of large cluster states using non-deterministic gates",
	year  = "2007",
	journal = NJP,
	volume = "9",
	pages = "198"
}

@ARTICLE{bib:RohdeWebb07,
	author = "Peter P. Rohde and James G. Webb and Elanor H. Huntington and Timothy C. Ralph",
	title = "Comparison of architectures for approximating number-resolving photo-detection using non-number-resolving detectors",
	year  = "2007",
	eprint = "arXiv:0705.4003"
}

@ARTICLE{bib:Rosenberg05,
	author = "Danna Rosenberg and Adriana E. Lita and Aaron J. Miller and Sae Woo Nam",
	title = "Noise-free high-efficiency photon-number-resolving detectors",
	year = "2005",
	journal = PRA,
	volume = "71",
	pages = "061803(R)"
}

@ARTICLE{bib:Rubin00,
	author = "Morton H. Rubin",
	year  = "2000",
	journal = PRA,
	volume = "61",
	pages  = "022311"
}

@ARTICLE{bib:Rubin94,
    author  = "M. H. Rubin and D. N. Klyshko and Y. H. Shih and A. V. Sergienko",
    title   = "Theory of two-photon entanglement in type-II optical parametric down-conversion",
    year    = "1994",
    journal = PRA,
    volume  = "50",
    pages   = "5122"
}

@BOOK{bib:Sakurai94,
    author    = "J. J. Sakurai",
    title     = "Modern Quantum Mechanics",
    year      = "1994",
    publisher = "Addison-Wesley"
}

@ARTICLE{bib:Sanaka04,
    author  = "K. Sanaka and T. Jennewein and J. Pan and K. Resch and A. Zeilinger",
    title   = "Experimental nonlinear sign shift for linear optics quantum computation",
    year    = "2004",
    journal = PRL,
    volume  = "92",
    pages   = "017902"
}

@ARTICLE{bib:Santori01,
    author  = "C. Santori and M. Pelton and G. Solomon and Y. Dale and Y. Yamamoto",
    title   = "Triggered single photons from a quantum dot",
    year    = "2001",
    journal = PRL,
    volume  = "86",
    pages   = "1502"
}

@ARTICLE{bib:Santori02,
    author  = "C. Santori and D. Fattal and J. Vuckovic and G. S. Solomon and Y. Yamamoto",
    title   = "Indistinguishable photons from a single-photon device",
    year    = "2002",
    journal = Nature,
    volume  = "419",
    pages   = "594"
}

@BOOK{bib:Schneier96,
    author    = "Bruce Schneier",
    title     = "Applied Cryptography",
    year      = "1996",
    publisher = "John Wiley \& Sons"
}

@ARTICLE{bib:Shapiro07,
	author  = "Jeffrey H. Shapiro and Mohsen Razavi",
	title   = "Continuous-time cross-phase modulation and quantum computation",
	year    = "2007",
	journal = NJP,
	volume  = "9",
	pages   = "16"
}

@ARTICLE{bib:Smithey93,
    author  = "D. T. Smithey and M. Beck and M. G. Raymer and A. Faridani",
    title   = "Measurement of the Wigner distribution and density matrix of a light mode using optical homodyne tomography: application to squeezed states and the vacuum",
    year    = "1993",
    journal = PRL,
    volume  = "70",
    pages   = "1244"
}

@ARTICLE{bib:Shapiro07,
	author  = "Jeffrey H. Shapiro and Mohsen Razavi",
	title   = "Continuous-time cross-phase modulation and quantum computation",
	year    = "2007",
	journal = NJP,
	volume  = "9",
	pages   = "16"
}

@ARTICLE{bib:Shor95,
    author  = "Peter W. Shor",
    title   = "Scheme for reducing decoherence in quantum computer memory",
    year    = "1995",
    journal = PRA,
    volume  = "52",
    pages   = "R2493"
}

@ARTICLE{bib:Spiller06,
    author  = "T. P. Spiller and Kae Nemoto and Samuel L. Braunstein and W. J. Munro and P. van Loock and G. J. Milburn",
    title   = "Quantum Computation by Communication",
    year    = "2006",
    journal = NJP,
    volume  = "8",
    pages   = "30"
}

@ARTICLE{bib:Steane96,
    author  = "A. M. Steane",
    title   = "Error correcting codes in quantum theory",
    year    = "1996",
    journal = PRL,
    volume  = "77",
    pages   = "793"
}

@article{bib:Stoneham03,
	author = {A. M. Stoneham and A. J. Fisher and P. T. Greenland},
	journal = {Journal of Physics: Condensed Matter},
	number = {27},
	pages = {L447-L451},
	title = {Optically driven silicon-based quantum gates with potential for high-temperature operation},
	volume = {15},
	year = {2003}
}

@ARTICLE{bib:Takeuchi99,
    author  = "Shigeki Takeuchi and Jungsang Kim and Yoshihisa Yamamoto and Henry H. Hogue",
    title   = "Development of a high-quantum-efficiency single-photon counting system",
    year    = "1999",
    journal = APL,
    volume  = "74",
    pages   = "1063"
}

@ARTICLE{bib:Tittel00,
    author  = "W. Tittel and J. Brendel and H. Zbinden and N. Gisin",
    title   = "Quantum cryptography using entangled photons in energy-time bell states",
    year    = "2000",
    journal = PRL,
    volume  = "84",
    pages   = "4737"
}

@ARTICLE{bib:Torres04,
  author  = "J. P. Torres and A. Alexandrescu and S. Carrasco and L. Torner",
  journal = OptLett,
  year    = "2004",
  volume  = "29",
  pages   = "376"
}

@ARTICLE{bib:Torres05,
  author  = "J. P. Torres and F. Macia and S. Carrasco and L. Torner",
  journal = OptLett,
  year    = "2005",
  volume  = "30",
  pages   = "314"
}

@ARTICLE{bib:URen03,
    author  = "A. B. U'Ren and K. Banaszek and I. A. Walmsley",
    title   = "Photon engineering for quantum information processing",
    year    = "2003",
    journal = QIC,
    volume  = "3",
    pages   = "480"
}

@THESIS{bib:URen04,
	author  = "Alfred B. U'Ren",
	title   = "Multi-photon state engineering for quantum information processing applications",
	year    = "2004"
}

@ARTICLE{bib:URenMukamel03,
    author  = "A. B. U'Ren and E. Mukamel and K. Banaszek and I. A. Walmsley",
    title   = "Managing photons for quantum information processing",
    year    = "2003",
    journal = "Phil. Trans. R. Soc. Lond. A",
    volume  = "361",
    pages   = "1493"
}

@ARTICLE{bib:URen05,
    author  = "A. B. U'Ren and C. Silberhorn and K. Banaszek and I. A. Walmsley and R. Erdman and W. P. Grice and M. G. Raymer",
    title   = "Generation of pure-state single-photon wavepackets by conditional preparation based on spontaneous parametric downconversion",
    year    = "2005",
    journal = LaserPhys,
    volume  = "15",
    pages   = "146"
}

@ARTICLE{bib:Vaidman99,
	author  = "Lev Vaidman and Nadav Yoran",
	title       = "Methods for reliable teleportation ",
	journal = PRA,
	year      = "1999",
	volume = "59",
	pages   = "116"
}	

@ARTICLE{bib:Varnava05,
    author  = "Michael Varnava and Daniel E. Browne and Terry Rudolph",
    title   = "Loss tolerant one-way quantum computation - a horticultural approach",
    year    = "2005",
    eprint  = "quant-ph/0507036",
}

@ARTICLE{bib:Varnava07,
	author = "Michael Varnava and Daniel E. Browne and Terry Rudolph",
	title = "How good must single photon sources and detectors be for efficient linear optical quantum computation?",
	year = "2007",
	eprint = "quant-ph/0702044"
}
	

@ARTICLE{bib:VogelRisken89,
    author  = "K. Vogel and H. Risken",
    title   = "Determination of quasiprobability distributions in terms of probability distributions for the rotated quadrature phase",
    year    = "1989",
    journal = PRA,
    volume  = "40",
    pages   = "7113"
}

@BOOK{bib:Vogel06,
	title     = "Quantum Optics",
	author    = "Werner Vogel and Dirk-Gunnar Welsch",
	publisher = "Wiley",
	year      = "2006"
}

@ARTICLE{bib:Waks03,
	title = " High-efficiency photon-number detection for quantum information processing",
	author = "E. Waks and K. Inoue and W. D. Oliver and E. Diamanti and Y. Yamamoto",
	year = "2003",
	journal = "IEEE J. Sel. Top. Quantum Electron",
	volume = "9",
	pages = "1502"
}

@ARTICLE{bib:Wasilewski06,
	author = "W. Wasilewski and A. I. Lvovsky and K. Banaszek and C. Radzewicz",
	title = "Pulsed squeezed light: Simultaneous squeezing of multiple modes",
	journal = PRA,
	year = "2006",
	volume = "73",
	pages = "063819"
}

@ARTICLE{bib:Walther05a,
    author  = "P. Walther and K. J. Resch and T. Rudolph and E. Schenck and H. Weinfurter and V. Vedral and M. Aspelmeyer and A. Zeilinger",
    title   = "Experimental one-way quantum computing",
    year    = "2005",
    journal = Nature,
    volume  = "434",
    pages   = "169"
}

@ARTICLE{bib:Walther05b,
    author  = "P. Walther and K. J. Resch and {\u C}. Brukner and A. M. Steinberg and J.-W. Pan and A. Zeilinger",
    title   = "Quantum nonlocality obtained from local states by entanglement purification",
    year    = "2005",
    journal = PRL,
    volume  = "94",
    pages   = "040504"
}

@ARTICLE{bib:Walton04,
  author  = "Z. D. Walton and A. V. Sergienko and B. E. A. Saleh and M. C. Teich",
  journal = PRA,
  year    = "2004",
  volume  = "70",
  number  = "052317"
}

@ARTICLE{bib:Warszawski02a,
    author  = "P. Warszawski and H. M. Wiseman",
    title   = "Quantum trajectories for realistic photodetection: I. General formalism",
    year    = "2002",
    journal = JOptB,
    volume  = "5",
    pages   = "1"
}

@ARTICLE{bib:Warszawski02b,
    author  = "P. Warszawski and H. M. Wiseman",
    title   = "Quantum trajectories for realistic photodetection: II. Application and analysis",
    year    = "2002",
    journal = JOptB,
    volume  = "5",
    pages   = "15"
}

@ARTICLE{bib:Weinfurter94,
    author  = "H. Weinfurter",
    year    = "1994",
    journal = "Europhys. Lett.",
    volume  = "25",
    pages   = "559"
}

@ARTICLE{bib:Weinstein04,
    title   = "Quantum process tomography of the quantum fourier transform",
    author  = "Y. S. Weinstein and T. F. Havel and J. Emerson and N. Boulant and M. Saraceno and S. Lloyd and D. G. Cory",
    year    = "2004",
    journal = JChemPhys,
    volume  = "121",
    pages   = "6117"
}

@ARTICLE{bib:White03,
    author = "Andrew G. White and Alexei Gilchrist and Geoffrey J. Pryde and Jeremy L. O'Brien and Michael J. Bremner and Nathan K. Langford",
    title  = "Measuring controlled-NOT and two-qubit gate operation",
    year   = "2003",
    eprint = "quant-ph/0308115"
}

@ARTICLE{bib:Xiang06,
    author  = "G. Y. Xiang and Y. F. Huang and F. W. Sun and P. Zhang and Z. Y. Ou and G. C. Guo",
    title   = "Demonstration of temporal distinguishability in a four-photon state and a six-photon state",
    year    = "2006",
    journal = PRL,
    volume  = "97",
    pages   = "023604"
}

@ARTICLE{bib:YoonHo03,
    author  = "Yoon-Ho Kim",
    title   = "Measurement of one-photon and two-photon wavepackets in spontaneous parametric down-conversion",
    year    = "2003",
    journal = JOptSocAmB,
    volume  = "20",
    pages   = "1959"
}

@ARTICLE{bib:YoranReznik03,
    author  = "N. Yoran and B. Reznik",
    title   = "Deterministic linear optics quantum computation with single photon qubits",
    year    = "2003",
    journal = PRL,
    volume  = "91",
    pages   = "037903"
}

@ARTICLE{bib:Yuan02,
    author  = "Z. Yuan and B. E. Kardynal and R. M. Stevenson and A. J. Shields and C. J. Lobo and K. Cooper and N. S. Beattie and D. A. Ritchie and M. Pepper",
    title   = "Electrically driven single-photon source",
    year    = "2002",
    journal = Science,
    volume  = "295",
    pages   = "102"
}

@ARTICLE{bib:Zambra05,
	author = "Guido Zambra and Alessandra Andreoni and Maria Bondani and Marco Gramegna and Marco Genovese and Giorgio Brida and Andrea Rossi and  Matteo G. A. Paris",
	title  = " Experimental Reconstruction of Photon Statistics without Photon Counting",
	year  = "2005",
	journal = PRL,
	volume = "95",
	pages = "063602"
}

@ARTICLE{bib:Zanardi97,
    author  = "P. Zanardi and M. Rasetti",
    title   = "Noiseless quantum codes",
    year    = "1997",
    journal = PRL,
    volume  = "79",
    pages   = "3306"
}

@ARTICLE{bib:Zanardi00,
    author  = "P. Zanardi",
    title   = "Stabilizing quantum information",
    year    = "2000",
    journal = PRA,
    volume  = "63",
    pages   = "012301"
}

@ARTICLE{bib:ZanardiZalkaFaoro00,
	author = "Paolo Zanardi and Christof Zalka and Lara Faoro",
	title = "Entangling power of quantum evolutions",
	year = "2000",
	journal = PRA,
	volume = "62",
	pages = "030301(R)"
}

@ARTICLE{bib:Zhang05,
    author  = "An-Ning Zhang and Chao-Yang Lu and Xiao-Qi Zhou and Yu-Ao Chen and Zhi Zhao and Tao Yang Jian-Wei Pan",
    title   = "Experimental construction of optical multi-qubit cluster states from Bell states",
    year    = "2005",
    eprint  = "quant-ph/0501036"
}

@ARTICLE{bib:Zhao05,
    author  = "Zhi Zhao and An-Ning Zhang and Yu-Ao Chen and Han Zhang and Jiang-Feng Du and Tao Yang and Jian-Wei Pan",
    title   = "Experimental demonstration of a non-destructive controlled-NOT quantum gate for two independent photon-qubits",
    year    = "2005",
    journal = PRL,
    volume  = "94",
    pages   = "030501"
}

@ARTICLE{bib:Zhao07,
	author = "Bo Zhao and Zeng-Bing Chen and Yu-Ao Chen and Jrg Schmiedmayer and Jian-Wei Pan",
	title = "Robust Creation of Entanglement between Remote Memory Qubits",
	year = "2007",
	journal = PRL,
	volume = 88,
	pages = 240502
}

@ARTICLE{bib:Ziman05,
    author  = "M{\' a}rio Ziman and Martin Plesch and Vladim{\' i}r Bu{\v z}ek and Peter {\v S}telmachovi{\v c}",
    title   = "Process reconstruction: From unphysical to physical maps via maximum likelihood",
    year    = "2005",
    journal = PRA,
    volume  = "72",
    pages   = "022106"
}
